<collection xmlns="http://www.loc.gov/MARC21/slim">
<record>
  <leader>01196nam0a22001931i 450 </leader>
  <controlfield tag="001">IT\ICCU\CNCE\051788</controlfield>
  <controlfield tag="005">20030410000000.0</controlfield>
  <datafield tag="012" ind1=" " ind2=" ">
    <subfield code="a">o-a&apos; lao- izt- relo (C) 1587 (A)</subfield>
    <subfield code="2">fei</subfield>
  </datafield>
  <datafield tag="100" ind1=" " ind2=" ">
    <subfield code="a">20010317d1587        0itac0103    ba</subfield>
  </datafield>
  <datafield tag="101" ind1=" " ind2=" ">
    <subfield code="a">ITA</subfield>
  </datafield>
  <datafield tag="102" ind1=" " ind2=" ">
    <subfield code="a">IT</subfield>
  </datafield>
  <datafield tag="200" ind1="1" ind2=" ">
    <subfield code="a">Istoria dell&apos;infelice innamoramento di Gianfiore e Filomena. Nella quale si narra la fede di questi due fedelissimi amanti, e come Gianfiore fu impiccato da fratelli di lei, per ordine del padre loro, per essere stato trouato vna notte nella camera di Filomena. Quale di poi tardi pentotosi di non gnene hauer dato per marito, pianse con la moglie amaramente la morte della figliuola, che per non volere altro marito e per certa visione ch&apos;lhebbe, s&apos;impicc ̣da se stessa, e volse andare a stare col suo Gianfiore nel altra vita. Opera di molto piaceuole di nuouo ristampata e ricorretta</subfield>
  </datafield>
  <datafield tag="210" ind1=" " ind2=" ">
    <subfield code="e">Stampata in Firenze</subfield>
    <subfield code="g">appresso Iacopo Pocauanza</subfield>
    <subfield code="h">l&apos;anno 1587</subfield>
  </datafield>
  <datafield tag="215" ind1=" " ind2=" ">
    <subfield code="a">\6! c.</subfield>
    <subfield code="d">8ʻ</subfield>
  </datafield>
  <datafield tag="620" ind1=" " ind2=" ">
    <subfield code="a">IT</subfield>
    <subfield code="d">Firenze</subfield>
  </datafield>
  <datafield tag="712" ind1="0" ind2="0">
    <subfield code="a">Pocavanza, Giacomo</subfield>
    <subfield code="3">IT\ICCU\CNCT\001283</subfield>
    <subfield code="4">650</subfield>
  </datafield>
  <datafield tag="791" ind1="0" ind2="0">
    <subfield code="a">Pocavanzi, Iacopo</subfield>
    <subfield code="3">IT\ICCU\CNCT\005457</subfield>
    <subfield code="z">Pocavanza, Giacomo</subfield>
  </datafield>
  <datafield tag="801" ind1=" " ind2="3">
    <subfield code="a">IT</subfield>
    <subfield code="b">ICCU</subfield>
    <subfield code="c">20201115</subfield>
  </datafield>
  <datafield tag="899" ind1=" " ind2=" ">
    <subfield code="a">Biblioteca statale. Lucca</subfield>
    <subfield code="1">LU0022</subfield>
    <subfield code="2">LUA BL</subfield>
  </datafield>
</record>
</collection>
